@Manual{quantreg,
    title = {quantreg: Quantile Regression},
    author = {Roger Koenker},
    year = {2018},
    note = {R package version 5.35},
    url = {https://CRAN.R-project.org/package=quantreg},
  }

@Article{Bracht16,
    author = {Thilo Bracht and Christian Molleken and Maike Ahrens and Gereon Poschmann and Anders Schlosser and  Martin Eisenacher and Kai Stuhler and Helmut E. Meyer and Wolff H. Schmiegel and Uffe Holmskov and Grith L. Sorensen and Barbara Sitek},
    journal = {Journal of Translational Medicine},
    title = {Evaluation of the biomarker candidate MFAP4 for non-invasive assessment of hepatic fibrosis in hepatitis {C} patients},
    volume = {14},
    year = {2016}
}

@Article{lubridate,
    title = {Dates and Times Made Easy with {lubridate}},
    author = {Garrett Grolemund and Hadley Wickham},
    journal = {Journal of Statistical Software},
    year = {2011},
    volume = {40},
    number = {3},
    pages = {1--25},
    url = {http://www.jstatsoft.org/v40/i03/},
  }